@inproceedings{safs,
	author = {Da Zheng and Randal Burns and Alexander S. Szalay},
	title = {Toward Millions of File System {IOPS} on Low-Cost, Commodity Hardware},
	booktitle = {Proceedings of the International Conference on High Performance Computing, Networking, Storage and Analysis},
	year = {2013},
}

@inproceedings{powergraph,
	author = {Gonzalez, Joseph E. and Low, Yucheng and Gu, Haijie and Bickson, Danny and Guestrin, Carlos},
	title = {{PowerGraph}: Distributed Graph-parallel Computation on Natural Graphs},
	booktitle = {Proceedings of the 10th USENIX Conference on Operating Systems Design and Implementation},
	year = {2012},
}

@inproceedings{pagerank,
	author = {Brin, Sergey and Page, Lawrence},
	title = {The Anatomy of a Large-scale Hypertextual Web Search Engine},
	booktitle = {Proceedings of the Seventh International Conference on World Wide Web 7},
	year = {1998},
}

@inproceedings {graphx,
	author = {Joseph E. Gonzalez and Reynold S. Xin and Ankur Dave and Daniel Crankshaw and Michael J. Franklin and Ion Stoica},
	title = {GraphX: Graph Processing in a Distributed Dataflow Framework},
	booktitle = {11th USENIX Symposium on Operating Systems Design and Implementation (OSDI 14)},
	year = {2014},
}

@inproceedings {mcsherry15,
	author = {Frank McSherry and Michael Isard and Derek G. Murray},
	title = {Scalability! But at what COST?},
	booktitle = {15th Workshop on Hot Topics in Operating Systems (HotOS XV)},
	year = {2015},
}

@inproceedings {flashgraph,
	author = {Da Zheng and Disa Mhembere and Randal Burns and Joshua Vogelstein and Carey E. Priebe and Alexander S. Szalay},
	title = {FlashGraph: Processing Billion-Node Graphs on an Array of Commodity SSDs},
	booktitle = {13th USENIX Conference on File and Storage Technologies (FAST 15)},
	year = {2015},
}

@inproceedings {spark,
	author = {Matei Zaharia and Mosharaf Chowdhury and Tathagata Das and Ankur Dave and Justin Ma and Murphy McCauly and Michael J. Franklin and Scott Shenker and Ion Stoica},
	title = {Resilient Distributed Datasets: A Fault-Tolerant Abstraction for In-Memory Cluster Computing},
	booktitle = {Presented as part of the 9th USENIX Symposium on Networked Systems Design and Implementation (NSDI 12)},
	year = {2012},
}

@inproceedings{dryad,
	author = {Isard, Michael and Budiu, Mihai and Yu, Yuan and Birrell, Andrew and Fetterly, Dennis},
	title = {Dryad: Distributed Data-parallel Programs from Sequential Building Blocks},
	booktitle = {Proceedings of the 2Nd ACM SIGOPS/EuroSys European Conference on Computer Systems 2007},
	series = {EuroSys '07},
	year = {2007},
} 

@inproceedings{naiad,
	author = {Murray, Derek G. and McSherry, Frank and Isaacs, Rebecca and Isard, Michael and Barham, Paul and Abadi, Mart\'{\i}n},
	title = {Naiad: A Timely Dataflow System},
	booktitle = {Proceedings of the Twenty-Fourth ACM Symposium on Operating Systems Principles},
	series = {SOSP '13},
	year = {2013},
}

@inproceedings{mapreduce,
	author = {Dean, Jeffrey and Ghemawat, Sanjay},
	title = {MapReduce: Simplified Data Processing on Large Clusters},
	booktitle = {Proceedings of the 6th Conference on Symposium on Opearting Systems Design \& Implementation - Volume 6},
	series = {OSDI'04},
	year = {2004},
}

@inproceedings{pegasus,
	author = {Kang, U. and Tsourakakis, Charalampos E. and Faloutsos, Christos},
	title = {PEGASUS: A Peta-Scale Graph Mining System Implementation and Observations},
	booktitle = {Proceedings of the 2009 Ninth IEEE International Conference on Data Mining},
	year = {2009},
} 

@InProceedings{ ycsb,
	title = "Benchmarking Cloud Serving Systems with {YCSB}",
	author = "B. Cooper and A. Silberstein and E. Tam and R. Ramakrishnan and R. Sears",
	year = "2010",
	booktitle = "Symposium on Cloud computing",
}

@InProceedings{ raid,
	title = "A case for redundant arrays of inexpensive disks ({RAID})",
	author = "David A. Patterson and Garth Gibson and Randy H. Katz",
	year = "1988",
	booktitle = "{ACM} SIGMOD international conference on Management of data",
}

@INPROCEEDINGS{nbgclock, 
	author="Yui, M. and Miyazaki, J. and Uemura, S. and Yamana, H.", 
	booktitle={International Conference on Data Engineering (ICDE)},
	title={{Nb-GCLOCK}: A non-blocking buffer management based on the generalized {CLOCK}}, 
	year={2010}, 
}

@InProceedings{ barrelfish,
	title = "The multikernel: a new {OS} architecture for scalable multicore systems",
	author = "A. Baumann and P. Barham and P.~E. Dagand and T. Harris and R. Isaacs and S. Peter and T. Roscoe and A. Sch√ºpbach and A. Singhania",
	year = "2009",
	booktitle = "Symposium on Operating Systems Principles",
}

@InProceedings{ fos,
	title = "Factored Operating Systems (fos): The Case for a Scalable Operating System for Multicores",
	author = "David Wentzlaff and Anant Agarwal",
	year = "2009",
	booktitle = "{ACM SIGOPS} Operating System Review ({OSR})",
}

@InProceedings{ mit_scale,
	title = "An Analysis of {Linux} Scalability to Many Cores",
	author = "S. Boyd-Wickizer and A. Clements and Y. Mao and A. Pesterev and
F. Kaashoek and R. Morris and N. Zeldovich",
	year = "2010",
	booktitle = "Conference on Operating systems design and implementation",
}

@InProceedings{ rcu,
	author = {P. McKenney and D. Sarma and A. Arcangeli and A. Kleen and O. Krieger},
	title = { Read-Copy Update },
	year = {2002},
	booktitle = "Linux Symposium",
}

@misc{msix,
	key={msix},
	title={{MSI-HOWTO}},
	howpublished={\url{http://lwn.net/Articles/44139/}},
	year={Accessed 3/6/2012},
}

@InProceedings{ universal_hash,
	author = {J. Lawrence Carter and Mark N. Wegman	},
	title = { Universal classes of hash functions },
	year = {1977},
	booktitle = "{ACM} symposium on Theory of computing",
}

@inproceedings{ linear_hash,
	author    = {Witold Litwin},
	title     = {Linear Hashing: A New Tool for File and Table Addressing},
	booktitle = {Sixth International Conference on Very Large Data Bases},
	year      = {1980},
}

@misc{ neo4j,
	key={neo4j},
	title={Neo4j},
	howpublished={\url{www.neo4j.org}},
	year={Accessed 3/11/2013},
}

@misc{ libaio,
	key={libaio},
	title={libaio},
	howpublished={\url{http://lse.sourceforge.net/io/aio.html}},
	year={Accessed 3/15/2013},
}

@misc{ linux,
	key={linux},
	title={Page Replacement Design},
	howpublished={\url{http://linux-mm.org/PageReplacementDesign}},
	year={Accessed 3/18/2013},
}

@misc{ livejournal,
	key={livejournal},
	title={LiveJournal social network},
	howpublished={\url{http://snap.stanford.edu/data/soc-LiveJournal1.html}},
	year={Accessed 3/11/2013},
}

@misc{fusion,
	key={fusion},
	title={{Fusion-IO ioDrive Octal}},
	howpublished={\url{http://www.fusionio.com/platforms/iodrive-octal/}},
	year={Accessed 3/11/2013},
}

@misc{ocz,
	key={ocz},
	title={{OCZ VERTEX 4}},
	howpublished={\url{http://www.ocztechnology.com/ocz-vertex-4-sata-iii-2-5-ssd.html}},
	year={Accessed 3/11/2013},
}

@misc{ nbds,
	key={nbds},
	title={{nbds: non-blocking hash table, lock-free skiplist and other non-blocking data structures}},
	howpublished={\url{http://code.google.com/p/nbds/}},
	year={Accessed 3/15/2013},
}

@InProceedings{ hotstorage12,
	author = { Da Zheng and Randal Burns and Alexander S. Szalay},
	title = { A parallel page cache: {IOPS} and caching for multicore systems },
	year = {2012},
	booktitle = "USENIX conference on Hot Topics in Storage and File Systems",
}

@article{Sen02,
  author={S. Sen and S. Chatterjee and N. Dumir},
  title={Towards a Theory of Cache-Efficient Algorithms},
  year=2002,
  journal={Journal of the {ACM}},
  volume=49,
  number=6
}

@article{ belady,
  author={Laszlo A Les Belady},
  title={A study of replacement algorithms for a virtual-storage computer},
  year=1966,
  journal={{IBM} Systems Journal},
  volume=5,
  number=2
}

@inproceedings{ clockpro,
  author="S. Jiang and F. Chen and X. Zhang",
  title="{CLOCK-Pro}: {An} Effective Improvement of the {CLOCK} Replacement",
  booktitle="USENIX Annual Technical Conference",
  year="2005"
}

@inproceedings{Muth11,
  author={K. Muthukkaruppan},
  title={Storage Infrastructure Behind Facebook Messages},
  booktitle={High-Performance Transaction Systems},
  year=2011
}

@inproceedings{Foong10,
  author={Annie Foong and Bryan Veal and Frank Hady},
  title={Towards {SSD}-ready enterprise platforms},
  booktitle={International Workshop on Accelerating Data Management Systems Using Modern Processor and Storage Architectures (ADMS)},
  year=2010
}

@inproceedings{ssd_parallel,
	author = {Chen, Feng and Lee, Rubao and Zhang, Xiaodong},
	title = {Essential roles of exploiting internal parallelism of flash memory based solid state drives in high-speed data processing},
	booktitle = {Proceedings of the 2011 IEEE 17th International Symposium on High Performance Computer Architecture},
	year = {2011},
} 

@INPROCEEDINGS{uflip,
	author = {Luc Bouganim and Bj\"{o}rn J\'{o}nssonn and Philippe Bonnet},
	title = {{uFLIP}: Understanding Flash {IO} Patterns},
	booktitle = {Fourth Biennial Conference on Innovative Data Systems Research},
	year = {2009},
}

@inproceedings{dfs,
	author = {Josephson, William K. and Bongo, Lars A. and Flynn, David and Li, Kai},
	title = {DFS: a file system for virtualized flash storage},
	booktitle = {Proceedings of the 8th USENIX conference on File and storage technologies},
	year = {2010},
} 

@inproceedings{Caulfield10,
	author = {Caulfield, Adrian M. and Coburn, Joel and Mollov, Todor and De, Arup and Akel, Ameen and He, Jiahua and Jagatheesan, Arun and Gupta, Rajesh K. and Snavely, Allan and Swanson, Steven},
	title = {Understanding the Impact of Emerging Non-Volatile Memories on High-Performance, {IO}-Intensive Computing},
	booktitle = {International Conference for High Performance Computing, Networking, Storage and Analysis},
	year = {2010},
} 

@book{4thparadigm,
  title={The Fourth Paradigm: Data-Intensive Scientific Discovery},
  howpublished={Available at \url{http://research.microsoft.com/en-us/collaboration/fourthparadigm/}},
  year={2009},
  publisher={Microsoft Research},
  editor={T. Hey and S. Tansley and K. Tolle},
}

@inproceedings{Hendrickson09,
  author={Bruce Hendrickson},
  title={Data Analytics and High Performance Computing: When Worlds Collide},
  year=2009,
  booktitle={Los Alamos Computer Science Symposium}
}

@inproceedings{Pearce10,
 author = {R. Pearce and M. Gokhale and N.~M. Amato},
 title = {Multithreaded Asynchronous Graph Traversal for In-Memory and Semi-External Memory},
 booktitle = {Supercomputing},
 year = {2010},
} 

@misc{dynamodb,
  author={{AmazonWebServices}},
  title={Amazon DynamoDB Overview, a fully managed NoSQL database service},
  howpublished={Available at \url{http://www.youtube.com/watch?v=oz-7wJJ9HZ0}},
  year=2011
}

@inproceedings{awol,
  author={A. Batsakis and R. Burns and A. Kanevsky and J. Lentini and T. Talpey},
  title={{AWOL}: An Adaptive Write Optimizations Layer},
  booktitle={Conference on File and Storage Technologies},
  year=2008
}

@inproceedings{Park12,
  author={S. Park and K. Shen},
  title={{FIOS}: A Fair and Efficient {I/O} Scheduler},
  booktitle={Conference on File and Storage Technology},
  year=2012
}

@INPROCEEDINGS{park09, 
	author={Park, S. and Kai Shen}, 
	booktitle={IEEE International Conference on Cluster Computing and Workshops.},
	title={A performance evaluation of scientific {I/O} workloads on Flash-based {SSDs}}, 
	year={2009}, 
}

@inproceedings{li13,
  author={Yinan Li and Ippokratis Pandis and Rene Mueller and Vijayshankar Raman and Guy Lohman},
  title={{NUMA}-Aware Algorithms: the Case of Data Shuffling},
  booktitle={The biennial Conference on Innovative Data Systems Research (CIDR)},
  year=2013
}

@article{gclock,
  author={A. J. Smith},
  title={Sequentiality and Prefetching in Database Systems},
  year=1978,
  journal={{ACM} Transactions on Database Systems},
  volume=3,
  number=3
}

@article{clock,
	author = {Corbato, F. J.},
	priority = {2},
	title = {A PAGING EXPERIMENT WITH THE MULTICS SYSTEM},
	year=1969
}

@BOOK{directio,
	author = "Robert Love",
	title= "Linux System Programming: Talking Directly to the Kernel and C Library",
	publisher = "O'Reilly Media",
	year = 2007
}

@BOOK{linux_vfs,
	author = "Daniel P. Bovet and Marco Cesati",
	title= "Understanding the Linux Kernel",
	publisher = "O'Reilly Media",
	year = 2005
}

@inproceedings{plfs,
	author = {Bent, John and Gibson, Garth and Grider, Gary and McClelland, Ben and Nowoczynski, Paul and Nunez, James and Polte, Milo and Wingate, Meghan},
	title = {{PLFS}: A Checkpoint Filesystem for Parallel Applications},
	booktitle = {Proceedings of the Conference on High Performance Computing Networking, Storage and Analysis},
	year = {2009},
} 

@inproceedings{cflru,
	author = {Park, Seon-yeong and Jung, Dawoon and Kang, Jeong-uk and Kim, Jin-soo and Lee, Joonwon},
	title = {{CFLRU}: A Replacement Algorithm for Flash Memory},
	booktitle = {Proceedings of the 2006 international conference on Compilers, architecture and synthesis for embedded systems},
	year = {2006},
	address = {New York, NY, USA},
} 

@inproceedings{IOR,
	author = {Shan, Hongzhang and Antypas, Katie and Shalf, John},
	title = {Characterizing and Predicting the {I/O} Performance of {HPC} Applications Using a Parameterized Synthetic Benchmark},
	booktitle = {Proceedings of the Conference on High Performance Computing Networking, Storage and Analysis},
	year = {2008},
	address = {Austin, TX},
}

@inproceedings{madbench2,
	author = {Borrill, Julian and Oliker, Leonid and Shalf, John and Shan, Hongzhang},
	title = {Investigation of leading {HPC} {I/O} performance using a scientific-application derived benchmark},
	booktitle = {Proceedings of the 2007 ACM/IEEE conference on Supercomputing},
	year = {2007},
	address = {New York, NY, USA},
}

@inproceedings{pregel,
	author = {Malewicz, Grzegorz and Austern, Matthew H. and Bik, Aart J.C and Dehnert, James C. and Horn, Ilan and Leiser, Naty and Czajkowski, Grzegorz},
	title = {Pregel: A System for Large-scale Graph Processing},
	booktitle = {Proceedings of the 2010 ACM SIGMOD International Conference on Management of Data},
	year = {2010},
} 

@article{graphlab,
	author = {Low, Yucheng and Bickson, Danny and Gonzalez, Joseph and Guestrin, Carlos and Kyrola, Aapo and Hellerstein, Joseph M.},
	title = {Distributed {GraphLab}: A Framework for Machine Learning and Data Mining in the Cloud},
	journal = {Proc. VLDB Endow.},
	year = {2012},
} 

@inproceedings{graphchi,
	author = {Kyrola, Aapo and Blelloch, Guy and Guestrin, Carlos},
	title = {GraphChi: Large-scale Graph Computation on Just a {PC}},
	booktitle = {Proceedings of the 10th USENIX Conference on Operating Systems Design and Implementation},
	year = {2012},
} 

@inproceedings{xstream,
	author = {Roy, Amitabha and Mihailovic, Ivo and Zwaenepoel, Willy},
	title = {X-Stream: Edge-centric Graph Processing Using Streaming Partitions},
	booktitle = {Proceedings of the Twenty-Fourth ACM Symposium on Operating Systems Principles},
	year = {2013},
} 

@inproceedings{safs,
	author = {Da Zheng and Randal Burns and Alexander S. Szalay},
	title = {Toward Millions of File System {IOPS} on Low-Cost, Commodity Hardware},
	booktitle = {Proceedings of the International Conference on High Performance Computing, Networking, Storage and Analysis},
	year = {2013},
} 

@phdthesis{actor,
	author = {Agha, Gul Abdulnabi},
	title={{ACTORS}: A Model of Concurrent Computation in Distributed Systems},
	school = {Massachusetts Institute of Technology},
	year={1985},
}

@inproceedings{trinity,
	author = {Shao, Bin and Wang, Haixun and Li, Yatao},
	title = {Trinity: A Distributed Graph Engine on a Memory Cloud},
	booktitle = {Proceedings of the 2013 ACM SIGMOD International Conference on Management of Data},
	year = {2013},
} 

@article{scan,
	author={Heng Wang and Minh Tang and Youngser Park and Carey E. Priebe},
	title={Locality statistics for anomaly detection in time series of graphs},
	journal={{IEEE} Transactions on Signal Processing},
	year={2014},
	volume={62},
	number={3},
}

@misc{web_graph,
	key={web_graph},
	title={Web graph},
	howpublished={\url{http://webdatacommons.org/hyperlinkgraph/}},
	year={Accessed 4/18/2014},
}

@INPROCEEDINGS{rmat,
	author = {Deepayan Chakrabarti and Yiping Zhan and Christos Faloutsos},
	title = {{R-MAT}: A recursive model for graph mining},
	booktitle = {Proceedings of the 2004 SIAM International Conference on Data Mining},
	year = {2004}
}

@misc{fusion,
	key={fusion},
	title={{Fusion-IO ioDrive Octal}},
	howpublished={\url{http://www.fusionio.com/platforms/iodrive-octal/}},
	year={Accessed 4/18/2014},
}

@inproceedings{twitter,
	author = {Kwak, Haewoon and Lee, Changhyun and Park, Hosung and Moon, Sue},
	title = {What is Twitter, a Social Network or a News Media?},
	booktitle = {Proceedings of the 19th International Conference on World Wide Web},
	year = {2010},
} 

@ARTICLE{betweenness,
	author = {Ulrik Brandes},
	title = {A Faster Algorithm for Betweenness Centrality},
	journal = {Journal of Mathematical Sociology},
	year = {2001},
	volume = {25},
	pages = {163--177}
}

@inproceedings{scc_orig,
	author = {Fleischer, Lisa and Hendrickson, Bruce and Pinar, Ali},
	title = {On Identifying Strongly Connected Components in Parallel},
	booktitle = {Proceedings of the 15 IPDPS 2000 Workshops on Parallel and Distributed Processing},
	year = {2000},
} 

@incollection{para_comp,
  author      = "Bertsekas, Dimitri P.; Tsitsiklis, John N.",
  booktitle   = "Parallel and Distributed Computation:Numerical Methods",
  publisher   = "PrenticeHall, Inc.",
  year        = 1989,
}

@inproceedings{pax,
	author = {Ailamaki, Anastassia and DeWitt, David J. and Hill, Mark D. and Skounakis, Marios},
	title = {Weaving Relations for Cache Performance},
	booktitle = {Proceedings of the 27th International Conference on Very Large Data Bases},
	year = {2001},
} 

@inproceedings{cstore,
	author = {Stonebraker, Mike and Abadi, Daniel J. and Batkin, Adam and Chen, Xuedong and Cherniack, Mitch and Ferreira, Miguel and Lau, Edmond and Lin, Amerson and Madden, Sam and O'Neil, Elizabeth and O'Neil, Pat and Rasin, Alex and Tran, Nga and Zdonik, Stan},
	title = {C-store: A Column-oriented {DBMS}},
	booktitle = {Proceedings of the 31st International Conference on Very Large Data Bases},
	year = {2005},
} 

@article{louvain,
author = "Vincent D Blondel and Jean-loup Guillaume and Renaud Lambiotte and Etienne Lefebvre",
journal = "Journal of Statistical Mechanics: Theory and Experiment",
title = "Fast unfolding of communities in large networks",
year = "2008"
}

@TECHREPORT{label_prop,
	author = {Xiaojin Zhu and Zoubin Ghahramani},
	title = {Learning from Labeled and Unlabeled Data with Label Propagation},
	institution = {Carnegie Mellon University},
	year = {2002}
}

@inproceedings{scc,
 author = {Hong, Sungpack and Rodia, Nicole C. and Olukotun, Kunle},
 title = {On Fast Parallel Detection of Strongly Connected Components ({SCC}) in Small-world Graphs},
 booktitle = {Proceedings of the International Conference on High Performance Computing, Networking, Storage and Analysis},
 year = {2013},
}

@inproceedings{pegasus,
 author = {Kang, U. and Tsourakakis, Charalampos E. and Faloutsos, Christos},
 title = {{PEGASUS}: A Peta-Scale Graph Mining System Implementation and Observations},
 booktitle = {Proceedings of the 2009 Ninth IEEE International Conference on Data Mining},
 year = {2009},
}

@inproceedings{gbase,
 author = {Kang, U. and Tong, Hanghang and Sun, Jimeng and Lin, Ching-Yung and Faloutsos, Christos},
 title = {{GBASE}: A Scalable and General Graph Management System},
 booktitle = {Proceedings of the 17th ACM SIGKDD International Conference on Knowledge Discovery and Data Mining},
 year = {2011},
}


@inproceedings{heigen,
	author = {Kang, U. and Meeder, Brendan and Faloutsos, Christos},
	title = {Spectral Analysis for Billion-scale Graphs: Discoveries and Implementation},
	booktitle = {Proceedings of the 15th Pacific-Asia Conference on Advances in Knowledge Discovery and Data Mining - Volume Part II},
	year = {2011},
	location = {Shenzhen, China},
	pages = {13--25},
} 

@inproceedings{ligra,
 author = {Shun, Julian and Blelloch, Guy E.},
 title = {Ligra: A Lightweight Graph Processing Framework for Shared Memory},
 booktitle = {Proceedings of the 18th ACM SIGPLAN Symposium on Principles and Practice of Parallel Programming},
 year = {2013},
} 

@article{triangle,
	author={Duncan J. Watts and Steven H. Strogatz},
	title={Collective dynamics of 'small-world' networks},
	journal={Nature},
	year={1998},
	volume={393},
	number={440-442},
}

@book{linear_algebra,
	author = {Jeremy Kepner and John Gilbert},
	title = {Graph Algorithms in the Language of Linear Algebra},
	publisher = {Society for Industrial \& Applied Mathematics},
	year = {2011},
}

@inproceedings{galois,
	author = {Nguyen, Donald and Lenharth, Andrew and Pingali, Keshav},
	title = {A Lightweight Infrastructure for Graph Analytics},
	booktitle = {Proceedings of the Twenty-Fourth ACM Symposium on Operating Systems Principles},
	year = {2013},
} 

@misc{bgl,
	key={bgl},
	title={Boost Graph Library},
	howpublished={\url{http://www.boost.org/doc/libs/1_55_0/libs/graph/doc/index.html}},
	year={Accessed 4/9/2014},
}

@INPROCEEDINGS{pbgl,
    author = {Douglas Gregor and Andrew Lumsdaine},
    title = {The parallel {BGL}: A generic library for distributed graph computations},
    booktitle = {In Parallel Object-Oriented Scientific Computing (POOSC)},
    year = {2005}
}

@misc{giraph,
	key={giraph},
	title={Apache Giraph},
	howpublished={\url{https://giraph.apache.org/}},
	year={Accessed 4/9/2014},
}

@inproceedings{Pearce10,
	author = {Pearce, Roger and Gokhale, Maya and Amato, Nancy M.},
	title = {Multithreaded Asynchronous Graph Traversal for In-Memory and Semi-External Memory},
	booktitle = {Proceedings of the 2010 ACM/IEEE International Conference for High Performance Computing, Networking, Storage and Analysis},
	year = {2010},
} 

@Article{igraph,
	title = {The igraph software package for complex network research},
	author = {Gabor Csardi and Tamas Nepusz},
	journal = {InterJournal},
	volume = {Complex Systems},
	pages = {1695},
	year = {2006},
	url = {http://igraph.org},
}

@inproceedings{kdt,
	author = {Lugowski, A. and Alber, D. and BuluÂ∑Ω, A. and Gilbert, J. and Reinhardt, S. and Teng, Y. and Waranis, A.},
	title = {A Flexible Open-Source Toolbox for Scalable Complex Graph Analysis},
	booktitle = {Proceedings of the 2012 SIAM International Conference on Data Mining},
	year = {2012},
}

@article{diameter,
 author = {Magnien, Cl{\'e}mence and Latapy, Matthieu and Habib, Michel},
 title = {Fast Computation of Empirically Tight Bounds for the Diameter of Massive Graphs},
 journal = {J. Exp. Algorithmics},
 issue_date = {2009},
 volume = {13},
 month = feb,
 year = {2009},
 pages = {10:1.10--10:1.9},
}

@article{leskovec,
ajournal = "Internet Math.",
author = "Leskovec, Jure and Lang, Kevin J. and Dasgupta, Anirban and Mahoney, Michael W.",
journal = "Internet Mathematics",
number = "1",
pages = "29--123",
title = "Community Structure in Large Networks: Natural Cluster Sizes and the Absence of Large Well-Defined Clusters",
volume = "6",
year = "2009"
}

@TECHREPORT{surfer,
	author = {Rishan Chen and Xuetian Weng and Bingsheng He and Mao Yang and Byron Choi and Xiaoming Li},
	title = {On the Efficiency and Programmability of Large Graph Processing in the Cloud},
	institution = {Microsoft Research},
	year = {2010}
}

@INPROCEEDINGS{Abello98,
	author = {James Abello and Adam L. Buchsbaum and Jeffery R. Westbrook},
	title = {A Functional Approach to External Graph Algorithms},
	booktitle = {Algorithmica},
	year = {1998},
	pages = {332--343},
	publisher = {Springer-Verlag}
}

@INPROCEEDINGS{arge,
	author={Arge, L. and Goodrich, M.T. and Sitchinava, N.}, 
	booktitle={Parallel Distributed Processing (IPDPS), 2010 IEEE International Symposium on}, 
	title={Parallel external memory graph algorithms}, 
	year={2010}, 
	month={April}, 
	pages={1-11}, 
}

@inproceedings{Semi_streaming,
	author = {Becchetti, Luca and Boldi, Paolo and Castillo, Carlos and Gionis, Aristides},
	title = {Efficient Semi-streaming Algorithms for Local Triangle Counting in Massive Graphs},
	booktitle = {Proceedings of the 14th ACM SIGKDD International Conference on Knowledge Discovery and Data Mining},
	year = {2008},
}

@book{elevator,
	title={Disk scheduling algorithms based on rotational position},
	author={Jacobson, David M and Wilkes, John},
	year={1991},
	publisher={Citeseer}
}

@inproceedings{fast_bfs,
 author = {Beamer, Scott and Asanovi\'{c}, Krste and Patterson, David},
 title = {Direction-optimizing Breadth-first Search},
 booktitle = {Proceedings of the International Conference on High Performance Computing, Networking, Storage and Analysis},
 series = {SC '12},
 year = {2012},
} 

@inproceedings{turbograph,
  title={TurboGraph: a fast parallel graph engine handling billion-scale graphs in a single PC},
  author={Han, Wook-Shin and Lee, Sangyeon and Park, Kyungyeol and Lee, Jeong-Hoon and Kim, Min-Soo and Kim, Jinha and Yu, Hwanjo},
  booktitle={Proceedings of the 19th ACM SIGKDD international conference on Knowledge discovery and data mining},
  pages={77--85},
  year={2013},
  organization={ACM}
}

@ARTICLE{daic,
	author={Yanfeng Zhang and Qixin Gao and Lixin Gao and Cuirong Wang}, 
	journal={IEEE Transactions on Parallel and Distributed Systems},
	title={Maiter: An Asynchronous Graph Processing Framework for Delta-Based Accumulative Iterative Computation}, 
	year={2014}, 
}

@inproceedings{shingle,
 author = {Chierichetti, Flavio and Kumar, Ravi and Lattanzi, Silvio and Mitzenmacher, Michael and Panconesi, Alessandro and Raghavan, Prabhakar},
 title = {On Compressing Social Networks},
 booktitle = {Proceedings of the 15th ACM SIGKDD International Conference on Knowledge Discovery and Data Mining},
 year = {2009},
}

@inproceedings{SlashBurn,
 author = {Kang, U. and Faloutsos, Christos},
 title = {Beyond 'Caveman Communities': Hubs and Spokes for Graph Compression and Mining},
 booktitle = {Proceedings of the 2011 IEEE 11th International Conference on Data Mining},
 year = {2011},
} 

@INPROCEEDINGS{spectral,
    author = {Andrew Y. Ng and Michael I. Jordan and Yair Weiss},
    title = {On Spectral Clustering: Analysis and an algorithm},
    booktitle = {ADVANCES IN NEURAL INFORMATION PROCESSING SYSTEMS },
    year = {2001},
}

@article {columnDB,
	title = {The Design and Implementation of Modern Column-Oriented Database Systems},
	journal = {Foundations and Trends in Databases},
	volume = {5},
	year = {2013},
	pages = {197-280},
	author = {Daniel Abadi and Peter Boncz and Stavros Harizopoulos and Stratos Idreos and Samuel Madden}
}

@inproceedings{SA-cache,
 author = {Zheng, Da and Burns, Randal and Szalay, Alexander S.},
 title = {A Parallel Page Cache: IOPS and Caching for Multicore Systems},
 booktitle = {Proceedings of the 4th USENIX Conference on Hot Topics in Storage and File Systems},
 year = {2012},
}

@article{active_community,
  author    = {Heng Wang and Da Zheng and Randal Burns and Carey Priebe},
  title     = {Active Community Detection in Massive Graphs},
  journal   = {CoRR},
  volume    = {abs/1412.8576},
  year      = {2015},
}

@book{arpack,
	author = {Lehoucq, R. and Sorensen, D. and Yang, C.},
	title = {{ARPACK} Users' Guide},
	publisher = {Society for Industrial and Applied Mathematics},
	year = {1998},
}

@article {anasazi,
	author = {Arbenz, Peter and Hetmaniuk, Ulrich L. and Lehoucq, Richard B. and Tuminaro, Raymond S.},
	title = {A comparison of eigensolvers for large-scale {3D} modal analysis using {AMG}-preconditioned iterative methods},
	journal = {International Journal for Numerical Methods in Engineering},
	year = {2005},
}

@INPROCEEDINGS{Zhou12,
	author={Zheng Zhou and Saule, E. and Aktulga, H.M. and Chao Yang and Ng, E.G. and Maris, P. and Vary, J.P. and Catalyurek, U.V.}, 
	booktitle={Cluster Computing (CLUSTER), 2012 IEEE International Conference on}, 
	title={An Out-of-Core Eigensolver on {SSD}-equipped Clusters}, 
	year={2012}, 
}

@inproceedings{Aktulga14,
 author = {Aktulga, Hasan Metin and Bulu\c{c}, Aydin and Williams, Samuel and Yang, Chao},
 title = {Optimizing Sparse Matrix-Multiple Vectors Multiplication for Nuclear Configuration Interaction Calculations},
 booktitle = {Proceedings of the 2014 IEEE 28th International Parallel and Distributed Processing Symposium},
 year = {2014},
}

@inproceedings{Boman2013,
 author = {Boman, Erik G. and Devine, Karen D. and Rajamanickam, Sivasankaran},
 title = {Scalable Matrix Computations on Large Scale-free Graphs Using {2D} Graph Partitioning},
 booktitle = {Proceedings of the International Conference on High Performance Computing, Networking, Storage and Analysis},
 year = {2013},
}

@inproceedings{Yoo11,
 author = {Yoo, Andy and Baker, Allison H. and Pearce, Roger and Van Emden Henson},
 title = {A Scalable Eigensolver for Large Scale-free Graphs Using {2D} Graph Partitioning},
 booktitle = {Proceedings of 2011 International Conference for High Performance Computing, Networking, Storage and Analysis},
 year = {2011},
}

@inproceedings{Kang11,
 author = {Kang, U. and Meeder, Brendan and Faloutsos, Christos},
 title = {Spectral Analysis for Billion-scale Graphs: Discoveries and Implementation},
 booktitle = {Proceedings of the 15th Pacific-Asia Conference on Advances in Knowledge Discovery and Data Mining - Volume Part II},
 year = {2011},
}

@inproceedings{Williams07,
	author = {Williams, Samuel and Oliker, Leonid and Vuduc, Richard and Shalf, John and Yelick, Katherine and Demmel, James},
	title = {Optimization of Sparse Matrix-vector Multiplication on Emerging Multicore Platforms},
	booktitle = {Proceedings of the 2007 ACM/IEEE Conference on Supercomputing},
	year = {2007},
}

@incollection{Ng01,
	title = {On Spectral Clustering: Analysis and an algorithm},
	author = {Andrew Y. Ng and Michael I. Jordan and Weiss, Yair},
	booktitle = {Advances in Neural Information Processing Systems 14},
	year = {2002},
}

@article {Sussman12,
	author = {Daniel L. Sussman and Minh Tang and Donniell E. Fishkind and Carey E. Priebe},
	title = {A Consistent Adjacency Spectral Embedding for Stochastic Blockmodel Graphs},
	journal = {Journal of the American Statistical Association},
	year = {2012},
}

@INPROCEEDINGS{Tsourakakis08,
	author={Tsourakakis, C.E.}, 
	booktitle={Data Mining, 2008. ICDM '08. Eighth IEEE International Conference on}, 
	title={Fast Counting of Triangles in Large Real Networks without Counting: Algorithms and Laws}, 
	year={2008}, 
}

@article{krylovschur,
	author = {G. W. Stewart},
	title = {A {KrylovSchur} Algorithm for Large Eigenproblems},
	journal = {SIAM Journal on Matrix Analysis and Applications},
	year = {2002},
}

@article{Arbenz05,
	author = {Arbenz, Peter and Hetmaniuk, Ulrich L. and Lehoucq, Richard B. and Tuminaro, Raymond S.},
	title = {A comparison of eigensolvers for large-scale {3D} modal analysis using {AMG}-preconditioned iterative methods},
	journal = {International Journal for Numerical Methods in Engineering},
	year = {2005},
}

@inproceedings{Pan99,
	author = {Pan, Victor Y. and Chen, Zhao Q.},
	title = {The Complexity of the Matrix Eigenproblem},
	booktitle = {Proceedings of the Thirty-first Annual ACM Symposium on Theory of Computing},
	year = {1999},
} 

@article{Lanczos,
	author = {Cornelius Lanczos},
	title = {An iteration method for the solution of the eigenvalue problem of linear differential and integral operators},
	journal = {Journal of Research of the National Bureau of Standards},
	year = {1950},
}

@article{slepc,
 author = {Hernandez, Vicente and Roman, Jose E. and Vidal, Vicente},
 title = {{SLEPc}: A Scalable and Flexible Toolkit for the Solution of Eigenvalue Problems},
 journal = {ACM Trans. Math. Softw.},
 year = {2005},
} 

@INPROCEEDINGS{sem,
	author = {James Abello and Adam L. Buchsbaum and Jeffery R. Westbrook},
	title = {A Functional Approach to External Graph Algorithms},
	booktitle = {Algorithmica},
	year = {1998},
	publisher = {Springer-Verlag}
}

@techreport{IRAM,
	author = {Sorensen, Danny C.},
	title = {Implicitly Restarted {ARNOLDI/LANCZOS} Methods For Large scale Eigenvalue Calculations},
	year = {1996},
	publisher = {Institute for Computer Applications in Science and Engineering (ICASE)},
} 

@article{trilinos,
	author = {Heroux, Michael A. and Bartlett, Roscoe A. and Howle, Vicki E. and Hoekstra, Robert J. and Hu, Jonathan J. and Kolda, Tamara G. and Lehoucq, Richard B. and Long, Kevin R. and Pawlowski, Roger P. and Phipps, Eric T. and Salinger, Andrew G. and Thornquist, Heidi K. and Tuminaro, Ray S. and Willenbring, James M. and Williams, Alan and Stanley, Kendall S.},
	title = {An Overview of the {Trilinos} Project},
	journal = {ACM Trans. Math. Softw.},
	year = {2005},
} 

@article{Im04,
	author = {Im, Eun-Jin and Yelick, Katherine and Vuduc, Richard},
	title = {Sparsity: Optimization Framework for Sparse Matrix Kernels},
	journal = {Int. J. High Perform. Comput. Appl.},
	year = {2004},
} 
@article{Ching12,
	year={2012},
	journal={International Journal of Parallel Programming},
	volume={40},
	number={5},
	title={Automatic Parallelization of Array-oriented Programs for a Multi-core Machine},
	author={Ching, Wai-Mee and Zheng, Da},
	pages={514-531},
}

@inproceedings{friendster,
	author = {Yang, Jaewon and Leskovec, Jure},
	title = {Defining and Evaluating Network Communities Based on Ground-truth},
	booktitle = {Proceedings of the ACM SIGKDD Workshop on Mining Data Semantics},
	year = {2012},
}

@ARTICLE{IRLM,
	author = {D. Calvetti and L. Reichel and D. C. Sorensen},
	title = {An Implicitly Restarted Lanczos Method for Large Symmetric Eigenvalue Problems},
	journal = {ETNA},
	year = {1994},
	volume = {2},
	pages = {1--21}
}

@INPROCEEDINGS{Mattson13,
	author={Mattson, T. and Bader, D. and Berry, J. and Buluc, A. and Dongarra, J. and Faloutsos, C. and Feo, J. and Gilbert, J. and Gonzalez, J. and Hendrickson, B. and Kepner, J. and Leiserson, C. and Lumsdaine, A. and Padua, D. and Poole, S. and Reinhardt, S. and Stonebraker, M. and Wallach, S. and Yoo, A.}, 
	booktitle={High Performance Extreme Computing Conference (HPEC), 2013 IEEE}, 
	title={Standards for graph algorithm primitives}, 
	year={2013}, 
	doi={10.1109/HPEC.2013.6670338}, 
	month={Sept},
}

@Misc{petsc,
	author = {Satish Balay and Shrirang Abhyankar and Mark~F. Adams and Jed Brown and Peter Brune
		and Kris Buschelman and Lisandro Dalcin and Victor Eijkhout and William~D. Gropp
			and Dinesh Kaushik and Matthew~G. Knepley
			and Lois Curfman McInnes and Karl Rupp and Barry~F. Smith
			and Stefano Zampini and Hong Zhang},
	title =  {{PETS}c {W}eb page},
	url =    {http://www.mcs.anl.gov/petsc},
	howpublished = {\url{http://www.mcs.anl.gov/petsc}},
	year = {2015}
}

@incollection{Yedidia03,
	author = {Yedidia, Jonathan S. and Freeman, William T. and Weiss, Yair},
	chapter = {Understanding Belief Propagation and Its Generalizations},
	title = {Exploring Artificial Intelligence in the New Millennium},
	year = {2003},
	publisher = {Morgan Kaufmann Publishers Inc.},
	address = {San Francisco, CA, USA},
} 

@BOOK{lapack,
	AUTHOR = {Anderson, E. and Bai, Z. and Bischof, C. and
		Blackford, S. and Demmel, J. and Dongarra, J. and
			Du Croz, J. and Greenbaum, A. and Hammarling, S. and
			McKenney, A. and Sorensen, D.},
	TITLE = {{LAPACK} Users' Guide},
	EDITION = {Third},
	PUBLISHER = {Society for Industrial and Applied Mathematics},
	YEAR = {1999},
	ADDRESS = {Philadelphia, PA},
}

@inproceedings {Tang15,
	author = {Linpeng Tang and Qi Huang and Wyatt Lloyd and Sanjeev Kumar and Kai Li},
	title = {{RIPQ}: Advanced Photo Caching on Flash for {Facebook}},
	booktitle = {13th USENIX Conference on File and Storage Technologies (FAST 15)},
	year = {2015},
	month = Feb,
}

@article{kmeans,
	author = {Lloyd, S.},
	title = {Least Squares Quantization in {PCM}},
	journal = {IEEE Trans. Inf. Theor.},
	volume = {28},
	number = {2},
	month = sep,
	year = {2006},
}

@article{Ching12,
	year={2012},
	journal={International Journal of Parallel Programming},
	volume={40},
	number={5},
	title={Automatic Parallelization of Array-oriented Programs for a Multi-core Machine},
	author={Ching, Wai-Mee and Zheng, Da},
	pages={514-531},
}

@inproceedings{accelerator,
	author = {Tarditi, David and Puri, Sidd and Oglesby, Jose},
	title = {Accelerator: Using Data Parallelism to Program {GPUs} for General-purpose Uses},
	booktitle = {Proceedings of the 12th International Conference on Architectural Support for Programming Languages and Operating Systems},
	year = {2006},
	address = {New York, NY, USA},
}

@misc{mkl,
	key={MKL},
	title={Intel Math Kernel Library},
	howpublished={\url{https://software.intel.com/en-us/intel-mkl}},
	year={Accessed 1/24/2016},
}

@INPROCEEDINGS{openblas,
	author={Qian Wang and Xianyi Zhang and Yunquan Zhang and Qing Yi}, 
	booktitle={High Performance Computing, Networking, Storage and Analysis (SC), 2013 International Conference for}, 
	title={{AUGEM}: Automatically generate high performance Dense Linear Algebra kernels on x86 CPUs}, 
	year={2013}, 
	pages={1-12}, 
	month={Nov},
}

@article{elemental,
	author = {Poulson, Jack and Marker, Bryan and van de Geijn, Robert A. and Hammond, Jeff R. and Romero, Nichols A.},
	title = {Elemental: A New Framework for Distributed Memory Dense Matrix Computations},
	journal = {ACM Trans. Math. Softw.},
	volume = {39},
	number = {2},
	month = feb,
	year = {2013},
	pages = {13:1--13:24},
	publisher = {ACM},
	address = {New York, NY, USA},
}

@inproceedings{Ang14,
	author = {Ang, J. A. and Barrett, R. F. and Benner, R. E. and Burke, D. and Chan, C. and Cook, J. and Donofrio, D. and Hammond, S. D. and Hemmert, K. S. and Kelly, S. M. and Le, H. and Leung, V. J. and Resnick, D. R. and Rodrigues, A. F. and Shalf, J. and Stark, D. and Unat, D. and Wright, N. J.},
	title = {Abstract Machine Models and Proxy Architectures for Exascale Computing},
	booktitle = {Proceedings of the 1st International Workshop on Hardware-Software Co-Design for High Performance Computing},
	series = {Co-HPC '14},
	year = {2014},
	publisher = {IEEE Press},
	address = {Piscataway, NJ, USA},
}

@inproceedings{pig,
	author = {Olston, Christopher and Reed, Benjamin and Srivastava, Utkarsh and Kumar, Ravi and Tomkins, Andrew},
	title = {{Pig Latin}: A Not-so-foreign Language for Data Processing},
	booktitle = {Proceedings of the 2008 ACM SIGMOD International Conference on Management of Data},
	year = {2008},
	publisher = {ACM},
	address = {New York, NY, USA},
}

@inproceedings{flumejava,
	author = {Chambers, Craig and Raniwala, Ashish and Perry, Frances and Adams, Stephen and Henry, Robert R. and Bradshaw, Robert and Weizenbaum, Nathan},
	title = {{FlumeJava}: Easy, Efficient Data-parallel Pipelines},
	booktitle = {Proceedings of the 31st ACM SIGPLAN Conference on Programming Language Design and Implementation},
	year = {2010},
	publisher = {ACM},
	address = {New York, NY, USA},
}

@inproceedings{systemml,
	author = {Ghoting, Amol and Krishnamurthy, Rajasekar and Pednault, Edwin and Reinwald, Berthold and Sindhwani, Vikas and Tatikonda, Shirish and Tian, Yuanyuan and Vaithyanathan, Shivakumar},
	title = {{SystemML}: Declarative Machine Learning on MapReduce},
	booktitle = {Proceedings of the 2011 IEEE 27th International Conference on Data Engineering},
	year = {2011},
	publisher = {IEEE Computer Society},
	address = {Washington, DC, USA},
}

@inproceedings{dryadlinq,
	author = {Yu, Yuan and Isard, Michael and Fetterly, Dennis and Budiu, Mihai and Erlingsson, \'{U}lfar and Gunda, Pradeep Kumar and Currey, Jon},
	title = {{DryadLINQ}: A System for General-purpose Distributed Data-parallel Computing Using a High-level Language},
	booktitle = {Proceedings of the 8th USENIX Conference on Operating Systems Design and Implementation},
	year = {2008},
	publisher = {USENIX Association},
	address = {Berkeley, CA, USA},
}

@inproceedings{riot,
	author = {Zhang, Yi and Herodotou, Herodotos and Yang, Jun},
	title = {{RIOT}: {I/O}-Efficient Numerical Computing without {SQL}},
	booktitle = {Conference on Innovative Data Systems Research},
	year = {2009},
}

@inproceedings{presto,
	author = {Venkataraman, Shivaram and Bodzsar, Erik and Roy, Indrajit and AuYoung, Alvin and Schreiber, Robert S.},
	title = {Presto: Distributed Machine Learning and Graph Processing with Sparse Matrices},
	booktitle = {Proceedings of the 8th ACM European Conference on Computer Systems},
	year = {2013},
	publisher = {ACM},
	address = {New York, NY, USA},
}

@ARTICLE{atlas,
	author = {R. Clint Whaley and Antoine Petitet and Jack J. Dongarra},
	title = {Automated Empirical Optimization of Software and the ATLAS Project},
	journal = {PARALLEL COMPUTING},
	year = {2000},
	volume = {27},
	pages = {2001}
}

@article{Wilkes01,
	author = {Wilkes, Maurice V.},
	title = {The Memory Gap and the Future of High Performance Memories},
	journal = {SIGARCH Comput. Archit. News},
	volume = {29},
	number = {1},
	month = mar,
	year = {2001},
	pages = {2--7},
	publisher = {ACM},
	address = {New York, NY, USA},
}

@article{Goto,
 author = {Goto, Kazushige and Geijn, Robert A. van de},
 title = {Anatomy of High-performance Matrix Multiplication},
 journal = {ACM Trans. Math. Softw.},
 volume = {34},
 number = {3},
 month = may,
 year = {2008},
 pages = {12:1--12:25},
 publisher = {ACM},
 address = {New York, NY, USA},
} 

@misc{avx,
	author       = {Chris Lomont},
	title        = {Introduction to Intel Advanced Vector Extensions},
	howpublished = {\url{https://software.intel.com/en-us/articles/introduction-to-intel-advanced-vector-extensions}},
	month        = June,
	year         = 2011
}

@article{FlashEigen,
  author    = {Da Zheng and Randal Burns and Joshua Vogelstein and Carey E. Priebe and Alexander S. Szalay},
  title     = {An {SSD}-based eigensolver for spectral analysis on billion-node graphs},
  journal   = {CoRR},
  volume    = {abs/1602.01421},
  year      = {2016},
}

@misc{mpi,
	author       = {Blaise Barney},
	title        = {Message Passing Interface ({MPI})},
	howpublished = {\url{https://computing.llnl.gov/tutorials/mpi/}},
	month        = June,
	year         = 2015
}

@misc{openmp,
	title        = {{OpenMP}},
	howpublished = {\url{http://openmp.org/wp/}},
	month        = March,
	year         = 2016
}

@article{top10,
	year={2008},
	journal={Knowledge and Information Systems},
	volume={14},
	number={1},
	title={Top 10 algorithms in data mining},
	author={Wu, Xindong and Kumar, Vipin and Ross Quinlan, J. and Ghosh, Joydeep and Yang, Qiang and Motoda, Hiroshi and McLachlan, GeoffreyJ. and Ng, Angus and Liu, Bing and Yu, PhilipS. and Zhou, Zhi-Hua and Steinbach, Michael and Hand, DavidJ. and Steinberg, Dan},
	pages={1-37},
}

@article{mllib,
  author    = {Xiangrui Meng and Joseph Bradley and Burak Yavuz and Evan Sparks and Shivaram Venkataraman and Davies Liu and Jeremy Freeman and DB Tsai and Manish Amde and Sean Owen and Doris Xin and Reynold Xin and Michael J. Franklin and Reza Zadeh and Matei Zaharia and Ameet Talwalkar},
  title     = {{MLlib}: Machine Learning in {Apache Spark}},
  journal   = {CoRR},
  volume    = {abs/1505.06807},
  year      = {2015},
}

@article{SEM_SpMM,
  author    = {Da Zheng and Disa Mhembere and Vince Lyzinski and Joshua Vogelstein and Carey E. Priebe and Randal Burns},
  title     = {Semi-External Memory Sparse Matrix Multiplication on Billion-node Graphs in a Multicore Architecture},
  journal   = {CoRR},
  volume    = {abs/1602.02864},
  year      = {2016},
}

@article{Luxburg07,
	author = {Luxburg, Ulrike},
	title = {A Tutorial on Spectral Clustering},
	journal = {Statistics and Computing},
	volume = {17},
	number = {4},
	month = dec,
	year = {2007},
	publisher = {Kluwer Academic Publishers},
	address = {Hingham, MA, USA},
} 

@inproceedings{gmm,
	author = {TIMOTHY L. BAILEY and CHARLES ELKAN},
	title = {Fitting a mixture model by expectation maximization to discover motifs in biopolymers},
	booktitle = {Proceedings of International Conference on Intelligent Systems for Molecular Biology},
	year = {1994},
}

@article{mclust,
  author    = {Chris Fraley and Adrian E. Raftery and T. Brendan Murphy and Luca Scrucca},
  title     = {mclust Version 4 for {R}: Normal Mixture Modeling for Model-Based Clustering, Classification, and Density Estimation},
  journal   = {Technical Report No. 597 , Department of Statistics, University of Washington},
  year      = {2012},
}

@article{NSCI,
  author    = {BARACK OBAMA},
  title     = {Executive Order -- Creating a National Strategic Computing Initiative},
  journal   = {The White House Office of the Press Secretary},
  year      = {2015},
}

@inproceedings{burst,
	author = {Liu, Ning and Cope, Jason and Carns, Philip and Carothers, Christopher and Ross, Robert and Grider, Gary and Crume, Adam and Maltzahn, Carlos},
	title = {On the Role of Burst Buffers in Leadership-class Storage Systems},
	booktitle = {MSST/SNAPI},
	year = {2012},
}

@misc{rre,
	key={Revolution R},
	title={Revolution {R Enterprise}},
	howpublished={\url{http://www.revolutionanalytics.com/revolution-r-enterprise}},
	year={Accessed 4/9/2016},
}

@misc{matlab,
	key={},
	title={Parallel Computing Toolbox in {MATLAB}},
	howpublished={\url{http://www.mathworks.com/products/parallel-computing/}},
	year={Accessed 4/9/2016},
}

@ARTICLE{Jain00,
	author={A. K. Jain and R. P. W. Duin and Jianchang Mao}, 
	journal={IEEE Transactions on Pattern Analysis and Machine Intelligence}, 
	title={Statistical pattern recognition: a review}, 
	year={2000}, 
	volume={22}, 
	number={1}, 
	pages={4-37}, 
	month={Jan},
}

@inproceedings{cor,
	author = {Karl Pearson},
	title = {Notes on regression and inheritance in the case of two parents},
	booktitle = {Proceedings of the Royal Society of London},
	year = {1895},
	pages = {240-242},
} 

@inproceedings{sfs,
	author = {Min, Changwoo and Kim, Kangnyeon and Cho, Hyunjin and Lee, Sang-Won and Eom, Young Ik},
	title = {{SFS}: Random Write Considered Harmful in Solid State Drives},
	booktitle = {Proceedings of the 10th USENIX Conference on File and Storage Technologies},
	year = {2012},
} 

@inproceedings{nmf,
	title = {Algorithms for Non-negative Matrix Factorization},
	author = {Daniel D. Lee and Seung, H. Sebastian},
	booktitle = {Advances in Neural Information Processing Systems 13},
	year = {2001},
}

@article{cf,
	author = {Su, Xiaoyuan and Khoshgoftaar, Taghi M.},
	title = {A Survey of Collaborative Filtering Techniques},
	journal = {Adv. in Artif. Intell.},
	volume = {2009},
	month = jan,
	year = {2009},
	pages = {4:2--4:2},
	address = {New York, NY, United States},
}

@inproceedings{yang13,
	author = {Yang, Jaewon and Leskovec, Jure},
	title = {Overlapping Community Detection at Scale: A Nonnegative Matrix Factorization Approach},
	booktitle = {Proceedings of the Sixth ACM International Conference on Web Search and Data Mining},
	series = {WSDM '13},
	year = {2013},
	pages = {587--596},
	publisher = {ACM},
	address = {New York, NY, USA},
}

@article{wang11,
	author = {Wang, Fei and Li, Tao and Wang, Xin and Zhu, Shenghuo and Ding, Chris},
	title = {Community Discovery Using Nonnegative Matrix Factorization},
	journal = {Data Min. Knowl. Discov.},
	volume = {22},
	number = {3},
	month = may,
	year = {2011},
	pages = {493--521},
	publisher = {Kluwer Academic Publishers},
	address = {Hingham, MA, USA},
}

@inproceedings{Yin14,
	author = {Yin, Jiangtao and Gao, Lixin and Zhang, Zhongfei},
	title = {Scalable Nonnegative Matrix Factorization with Block-wise Updates},
	booktitle = {ECML PKDD},
	year = {2014},
}

@article{Liao14,
	title = "CloudNMF: A MapReduce Implementation of Nonnegative Matrix Factorization for Large-scale Biological Datasets ",
	journal = "Genomics, Proteomics \& Bioinformatics ",
	volume = "12",
	number = "1",
	pages = "48 - 51",
	year = "2014",
	author = "Ruiqi Liao and Yifan Zhang and Jihong Guan and Shuigeng Zhou",
}

@inproceedings{Liu10,
	author = {Liu, Chao and Yang, Hung-chih and Fan, Jinliang and He, Li-Wei and Wang, Yi-Min},
	title = {Distributed Nonnegative Matrix Factorization for Web-scale Dyadic Data Analysis on Mapreduce},
	booktitle = {Proceedings of the 19th International Conference on World Wide Web},
	year = {2010},
	address = {New York, NY, USA},
} 

@inproceedings{Kannan16,
	author = {Kannan, Ramakrishnan and Ballard, Grey and Park, Haesun},
	title = {A High-Performance Parallel Algorithm for Nonnegative Matrix Factorization},
	booktitle = {ACM SIGPLAN Symposium on Principles and Practice of Parallel Programming},
	year = {2016},
	address = {Barcelona, Spain},
} 

@misc{SmallK,
	author       = {Richard Boyd and Barry Drake and Da Kuang and Haesun Park},
	title        = {SmallK is a {C++}{/}{P}ython high-performance software
		library for nonnegative matrix factorization
			(NMF) and hierarchical and flat clustering using
			the NMF; current version 1.2.0},
	howpublished = {\url{http://smallk.github.io/}},
	month        = June,
	year         = 2014
}

@article{svd,
	author = {G. Golub and W. Kahan},
	title = {Calculating the Singular Values and Pseudo-Inverse of a Matrix},
	journal = {Journal of the Society for Industrial and Applied Mathematics Series B Numerical Analysis},
	volume = {2},
	number = {2},
	pages = {205-224},
	year = {1965},
}

@inproceedings{Tsirogiannis,
	author = {Tsirogiannis, Dimitris and Harizopoulos, Stavros and Shah, Mehul A.},
	title = {Analyzing the Energy Efficiency of a Database Server},
	booktitle = {Proceedings of the 2010 ACM SIGMOD International Conference on Management of Data},
	year = {2010},
	pages = {231--242},
	publisher = {ACM},
	address = {New York, NY, USA},
}

@article{FlashEigen,
  author    = {Da Zheng and Randal Burns and Joshua Vogelstein and Carey E. Priebe and Alexander S. Szalay},
  title     = {An {SSD}-based eigensolver for spectral analysis on billion-node graphs},
  journal   = {CoRR},
  volume    = {abs/1602.01421},
  year      = {2016},
}

@article{SEM_SpMM,
  author    = {Da Zheng and Disa Mhembere and Vince Lyzinski and Joshua Vogelstein and Carey E. Priebe and Randal Burns},
  title     = {Semi-External Memory Sparse Matrix Multiplication on Billion-node Graphs in a Multicore Architecture},
  journal   = {CoRR},
  volume    = {abs/1602.02864},
  year      = {2016},
}

@article{flashmatrix,
	title={FlashMatrix: Parallel, Scalable Data Analysis with Generalized Matrix Operations using Commodity SSDs},
	author={Zheng, Da and Mhembere, Disa and Vogelstein, Joshua T and Priebe, Carey E and Burns, Randal},
	journal={arXiv preprint arXiv:1604.06414},
	year={2016}
}

@incollection{Chu07,
	title = {{Map-Reduce} for Machine Learning on Multicore},
	author = {Cheng-tao Chu and Sang K. Kim and Yi-an Lin and Yuanyuan Yu and Gary Bradski and Olukotun, Kunle and Andrew Y. Ng},
	booktitle = {Advances in Neural Information Processing Systems 19},
	year = {2007},
}

@misc{h2o,
	key={H2O},
	title={{H2O}},
	howpublished={\url{http://www.h2o.ai/}},
	year={Accessed 5/19/2016},
}

@INPROCEEDINGS{optiml,
	author = {Arvind K. Sujeeth and Hyoukjoong Lee and Kevin J. Brown and Hassan Chafi and Michael Wu and Anand R. Atreya and Kunle Olukotun and Tiark Rompf and Martin Odersky},
	title = {OptiML: an implicitly parallel domainspecific language for machine learning},
	booktitle = {in Proceedings of the 28th International Conference on Machine Learning, ser. ICML},
	year = {2011}
}

@INPROCEEDINGS{delite,
	author = {Hassan Chafi and Arvind K. Sujeeth and Kevin J. Brown and HyoukJoong Lee and Anand R. Atreya and Kunle Olukotun},
	title = {A Domain-Specific Approach to Heterogeneous Parallelism},
	booktitle = {Proceedings of the 16th Annual Symposium on Principles and Practice of Parallel Programming},
	year = {2011}
}

@inproceedings{petuum,
	author = {Xing, Eric P. and Ho, Qirong and Dai, Wei and Kim, Jin-Kyu and Wei, Jinliang and Lee, Seunghak and Zheng, Xun and Xie, Pengtao and Kumar, Abhimanu and Yu, Yaoliang},
	title = {Petuum: A New Platform for Distributed Machine Learning on Big Data},
	booktitle = {Proceedings of the 21th ACM SIGKDD International Conference on Knowledge Discovery and Data Mining},
	year = {2015},
} 

